@book{Sommerville,
    author = {Sommerville, Ian},
    title = {Software Engineering},
    year = {2015},
    isbn = {0133943038, 9780133943030},
    edition = {10th},
    publisher = {Pearson}
}
@book{McConnell,
    author = {McConnell, Steve},
    title = {Code Complete, Second Edition},
    year = {2004},
    isbn = {0735619670, 9780735619678},
    publisher = {Microsoft Press},
    address = {Redmond, WA, USA}
}
@article{Miller,
    doi = {10.1504/ijcse.2018.095849},
    url = {https://doi.org/10.1504/ijcse.2018.095849},
    year = {2018},
    publisher = {Inderscience Publishers},
    volume = {17},
    number = {3},
    pages = {283},
    author = {Julian Miller and Sandra Wienke and Michael Schlottke Lakemper and Matthias Meinke and Matthias S. M\"{u}ller},
    title = {Applicability of the software cost model {COCOMO} {II} to {HPC} projects},
    journal = {International Journal of Computational Science and Engineering}
}
@article{Bouman,
    Author = {Katherine L. Bouman and Michael D. Johnson and Daniel Zoran and Vincent L. Fish and Sheperd S. Doeleman and William T. Freeman},
    Title = {Computational Imaging for VLBI Image Reconstruction},
    Year = {2015},
    Eprint = {arXiv:1512.01413},
    Howpublished = {IEEE Conference on Computer Vision and Pattern Recognition (CVPR), 2016, pp. 913-922}
}
@inproceedings{COCOMO,
    title = {COCOMO II Model Definition Manual},
    author = {Chris Abts and Bradford Clark and Sunita Devnani-Chulani and Ellis Horowitz and Raymond J. Madachy and Donald J. Reifer and Richard W. Selby and Bert Steece},
    year = {2000}
}
@inproceedings{Toka,
    doi = {10.1109/seaa.2013.49},
    url = {https://doi.org/10.1109/seaa.2013.49},
    year = {2013},
    month = sep,
    publisher = {{IEEE}},
    author = {Derya Toka and Oktay Turetken},
    title = {Accuracy of Contemporary Parametric Software Estimation Models: A Comparative Analysis},
    booktitle = {2013 39th Euromicro Conference on Software Engineering and Advanced Applications}
}
@article{EHT,
    doi = {10.3847/2041-8213/ab0c96},
    url = {https://doi.org/10.3847/2041-8213/ab0c96},
    year = {2019},
    publisher = {The American Astronomical Society},
    volume = {875},
    number = {1},
    author = {The Event Horizon Telescope Collaboration},
    title = {First M87 Event Horizon Telescope Results. II. Array and Instrumentation},
    journal = {The Astrophysical Journal Letters}
}
@inproceedings{Musilek,
    doi = {10.1109/metric.2002.1011321},
    url = {https://doi.org/10.1109/metric.2002.1011321},
    publisher = {{IEEE} Comput. Soc},
    author = {P. Musilek and W. Pedrycz and  Nan Sun and G. Succi},
    title = {On the sensitivity of {COCOMO} {II} software cost estimation model},
    booktitle = {Proceedings Eighth {IEEE} Symposium on Software Metrics},
    year = {2002}
}
@article{Pendharkar,
    doi = {10.1109/tse.2005.75},
    url = {https://doi.org/10.1109/tse.2005.75},
    year = {2005},
    month = jul,
    publisher = {Institute of Electrical and Electronics Engineers ({IEEE})},
    volume = {31},
    number = {7},
    pages = {615--624},
    author = {P.C. Pendharkar and G.H. Subramanian and J.A. Rodger},
    title = {A probabilistic model for predicting software development effort},
    journal = {{IEEE} Transactions on Software Engineering}
}
@book{Boehm,
    author = {Boehm, Barry W. and Clark and Horowitz and Brown and Reifer and Chulani and Madachy, Ray and Steece, Bert},
    title = {Software Cost Estimation with Cocomo II with Cdrom},
    year = {2000},
    isbn = {0130266922},
    edition = {1st},
    publisher = {Prentice Hall PTR},
    address = {Upper Saddle River, NJ, USA}
}